<?xml version="1.0" encoding="UTF-8"?><collection xmlns="http://www.loc.gov/MARC21/slim"><record><leader>00472nam--2200181-i-4500</leader><controlfield tag="001">000014820</controlfield><controlfield tag="002">20161230</controlfield><controlfield tag="005">20161230201031</controlfield><controlfield tag="008">060222s1000------------r-----000-0-eng-d</controlfield><datafield ind1=" " ind2=" " tag="040"><subfield code="a">IFIN-HH</subfield></datafield><datafield ind1=" " ind2=" " tag="080"><subfield code="a">519.876.5</subfield></datafield><datafield ind1="1" ind2=" " tag="100"><subfield code="a">Pshenichny, B.N</subfield></datafield><datafield ind1="1" ind2="0" tag="245"><subfield code="a">Numerical methods in extremal problems</subfield><subfield code="c">B.n. pshenichny, iu.m. danilin</subfield></datafield><datafield ind1=" " ind2=" " tag="260"><subfield code="a">Moscow</subfield><subfield code="b">Mir</subfield><subfield code="c">1978</subfield></datafield><datafield ind1=" " ind2=" " tag="300"><subfield code="a">276P</subfield></datafield><datafield ind1="1" ind2=" " tag="700"><subfield code="a">Danilin, Yu.M</subfield></datafield><datafield ind1=" " ind2=" " tag="852"><subfield code="a">46027</subfield><subfield code="c">519.4/5</subfield></datafield><datafield ind1=" " ind2=" " tag="CAT"><subfield code="a">Sys</subfield><subfield code="c">20130813</subfield><subfield code="h">162706</subfield></datafield></record></collection>